@misc{ManiaEtAl19,
Author = {Horia Mania and Stephen Tu and Benjamin Recht},
Title = {Certainty Equivalence is Efficient for Linear Quadratic Control},
Year = {2019},
Eprint = {arXiv:1902.07826},
url = {https://arxiv.org/abs/1902.07826},
}

@misc{DeanEtAl18,
Author = {Sarah Dean and Horia Mania and Nikolai Matni and Benjamin Recht and Stephen Tu},
Title = {Regret Bounds for Robust Adaptive Control of the Linear Quadratic Regulator},
Year = {2018},
Eprint = {arXiv:1805.09388},
url = {https://arxiv.org/abs/1805.09388},
}

@misc{DannLattimoreBrunskill17,
Author = {Christoph Dann and Tor Lattimore and Emma Brunskill},
Title = {Unifying PAC and Regret: Uniform PAC Bounds for Episodic Reinforcement Learning},
Year = {2017},
Eprint = {arXiv:1703.07710},
url = {https://arxiv.org/abs/1703.07710},
}

@misc{AndersonEtAl19,
Author = {James Anderson and John C. Doyle and Steven Low and Nikolai Matni},
Title = {System Level Synthesis},
Year = {2019},
Eprint = {arXiv:1904.01634},
url = {https://arxiv.org/abs/1904.01634},
}

@misc{DeanEtAl17,
Author = {S. Dean, H. Mania, N. Matni},
Title = {On the sample complexity of the linear quadratic regulator},
Year = {2017},
Eprint = {arXiv:1710.01688},
url = {https://arxiv.org/abs/1710.01688},
}