@article{Viberg:1995:SMI:222618.222630,
 author = {Viberg, Mats},
 title = {Subspace-based Methods for the Identification of Linear Time-invariant Systems},
 journal = {Automatica},
 issue_date = {Dec. 1995},
 volume = {31},
 number = {12},
 month = dec,
 year = {1995},
 issn = {0005-1098},
 pages = {1835--1851},
 numpages = {17},
 url = {http://dx.doi.org/10.1016/0005-1098(95)00107-5},
 doi = {10.1016/0005-1098(95)00107-5},
 acmid = {222630},
 publisher = {Pergamon Press, Inc.},
 address = {Tarrytown, NY, USA},
 keywords = {instrumental variable methods, multivariable systems, parameter estimation, subspace methods, system identification},
}

@ARTICLE{tutorial-concentration-bound-system-identification,
       author = {{Matni}, Nikolai and {Tu}, Stephen},
        title = "{A Tutorial on Concentration Bounds for System Identification}",
      journal = {arXiv e-prints},
     keywords = {Mathematics - Optimization and Control, Computer Science - Machine Learning, Statistics - Machine Learning},
         year = "2019",
        month = "Jun",
          eid = {arXiv:1906.11395},
        pages = {arXiv:1906.11395},
archivePrefix = {arXiv},
       eprint = {1906.11395},
 primaryClass = {math.OC},
       adsurl = {https://ui.adsabs.harvard.edu/abs/2019arXiv190611395M},
      adsnote = {Provided by the SAO/NASA Astrophysics Data System}
}


@ARTICLE{sample-complexity-linear-quadratic-regulator,
       author = {{Dean}, Sarah and {Mania}, Horia and {Matni}, Nikolai and
         {Recht}, Benjamin and {Tu}, Stephen},
        title = "{On the Sample Complexity of the Linear Quadratic Regulator}",
      journal = {arXiv e-prints},
     keywords = {Mathematics - Optimization and Control, Computer Science - Machine Learning, Statistics - Machine Learning},
         year = "2017",
        month = "Oct",
          eid = {arXiv:1710.01688},
        pages = {arXiv:1710.01688},
archivePrefix = {arXiv},
       eprint = {1710.01688},
 primaryClass = {math.OC},
       adsurl = {https://ui.adsabs.harvard.edu/abs/2017arXiv171001688D},
      adsnote = {Provided by the SAO/NASA Astrophysics Data System}
}


@inproceedings{Howard-dynamical-systems-trees,
 author = {Howard, Andrew and Jebara, Tony},
 title = {Dynamical Systems Trees},
 booktitle = {Proceedings of the 20th Conference on Uncertainty in Artificial Intelligence},
 series = {UAI '04},
 year = {2004},
 isbn = {0-9749039-0-6},
 location = {Banff, Canada},
 pages = {260--267},
 numpages = {8},
 url = {http://dl.acm.org/citation.cfm?id=1036843.1036875},
 acmid = {1036875},
 publisher = {AUAI Press},
 address = {Arlington, Virginia, United States},
} 


@ARTICLE{Sarkar-Tuhin-Rakhlin-near-optimal-finite-time-identification-lds,
       author = {{Sarkar}, Tuhin and {Rakhlin}, Alexander},
        title = "{Near optimal finite time identification of arbitrary linear dynamical systems}",
      journal = {arXiv e-prints},
     keywords = {Computer Science - Systems and Control},
         year = "2018",
        month = "Dec",
          eid = {arXiv:1812.01251},
        pages = {arXiv:1812.01251},
archivePrefix = {arXiv},
       eprint = {1812.01251},
 primaryClass = {cs.SY},
       adsurl = {https://ui.adsabs.harvard.edu/abs/2018arXiv181201251S},
      adsnote = {Provided by the SAO/NASA Astrophysics Data System}
}


@book{Ljung:system-identification-theory-for-the-user,
 author = {Ljung, Lennart},
 title = {System Identification: Theory for the User},
 year = {1986},
 isbn = {0-138-81640-9},
 publisher = {Prentice-Hall, Inc.},
 address = {Upper Saddle River, NJ, USA},
}


@ARTICLE{guaranteed-minimum-rank-solutions-of-linear-matrix-equations-via-nuclear-norm-minimization,
       author = {{Recht}, Benjamin and {Fazel}, Maryam and {Parrilo}, Pablo A.},
        title = "{Guaranteed Minimum-Rank Solutions of Linear Matrix Equations via Nuclear Norm Minimization}",
      journal = {arXiv e-prints},
     keywords = {Mathematics - Optimization and Control, Mathematics - Statistics Theory, 90C25, 90C59, 15A52},
         year = "2007",
        month = "Jun",
          eid = {arXiv:0706.4138},
        pages = {arXiv:0706.4138},
archivePrefix = {arXiv},
       eprint = {0706.4138},
 primaryClass = {math.OC},
       adsurl = {https://ui.adsabs.harvard.edu/abs/2007arXiv0706.4138R},
      adsnote = {Provided by the SAO/NASA Astrophysics Data System}
}