@article{matni2019tutorial,
  title={A tutorial on concentration bounds for system identification},
  author={Matni, Nikolai and Tu, Stephen},
  journal={arXiv preprint arXiv:1906.11395},
  year={2019}
}

@book{wainwright2019high,
  title={High-dimensional statistics: A non-asymptotic viewpoint},
  author={Wainwright, Martin J},
  volume={48},
  year={2019},
  publisher={Cambridge University Press}
}
