@article{RANTZER19967,
title = "On the Kalman—Yakubovich—Popov lemma",
journal = "Systems & Control Letters",
volume = "28",
number = "1",
pages = "7 - 10",
year = "1996",
issn = "0167-6911",
doi = "https://doi.org/10.1016/0167-6911(95)00063-1",
url = "http://www.sciencedirect.com/science/article/pii/0167691195000631",
author = "Anders Rantzer",
abstract = "The purpose of this note is to present a new elementary proof for the multivariable K-Y-P lemma. A minimum of linear algebra and finite dimensional convexity theory is used."
}

@ARTICLE{MegRant97,
author={A. {Megretski} and A. {Rantzer}},
journal={IEEE Transactions on Automatic Control},
title={System analysis via integral quadratic constraints},
year={1997},
volume={42},
number={6},
pages={819-830},
keywords={robust control;control system analysis;control nonlinearities;time-varying systems;uncertain systems;large-scale systems;system analysis;integral quadratic constraints;robustness analysis;nonlinearities;time variations;uncertain parameters;complex system;stability theorem;passivity;dissipativity;multipliers;causality;Robustness;Stability analysis;Power system modeling;Feedback;Control theory;Robust stability;Design engineering;Control system synthesis;Computational modeling;Parameter estimation},
doi={10.1109/9.587335},
ISSN={},
month={June},}

@misc{lessard2014analysis,
    title={Analysis and Design of Optimization Algorithms via Integral Quadratic Constraints},
    author={Laurent Lessard and Benjamin Recht and Andrew Packard},
    year={2014},
    eprint={1408.3595},
    archivePrefix={arXiv},
    primaryClass={math.OC}
}

@ARTICLE{Megretski97,
author={A. {Megretski} and A. {Rantzer}},
journal={IEEE Transactions on Automatic Control},
title={System analysis via integral quadratic constraints},
year={1997},
volume={42},
number={6},
pages={819-830},
keywords={robust control;control system analysis;control nonlinearities;time-varying systems;uncertain systems;large-scale systems;system analysis;integral quadratic constraints;robustness analysis;nonlinearities;time variations;uncertain parameters;complex system;stability theorem;passivity;dissipativity;multipliers;causality;Robustness;Stability analysis;Power system modeling;Feedback;Control theory;Robust stability;Design engineering;Control system synthesis;Computational modeling;Parameter estimation},
doi={10.1109/9.587335},
ISSN={},
month={June},}

@misc{Ulf_lecture,
  Author = {Jonsson, Ulf},
  Institution = {Royal Institute of Technology},
  Howpublished = {University Lecture},
  Year = {2001},
  Title = {Lectures on Input-Output Stability and Integral Quadratic Constraints}
}

@misc{toolbox,
  title = {IQC Toolbox: A MATLAB Toolbox for Robust Stability and Performance Analysis},
  howpublished = {\url{http://140.117.167.218/}},
  note = {Accessed: 2019-10-27}
}