@inbook{mcdiarmid_1989, place={Cambridge}, series={London Mathematical Society Lecture Note Series}, title={On the method of bounded differences}, DOI={10.1017/CBO9781107359949.008}, booktitle={Surveys in Combinatorics, 1989: Invited Papers at the Twelfth British Combinatorial Conference}, publisher={Cambridge University Press}, author={McDiarmid, Colin}, editor={Siemons, J.Editor}, year={1989}, pages={148â€“188}, collection={London Mathematical Society Lecture Note Series}}

@book{Shalev-Shwartz:2014:UML:2621980,
 author = {Shalev-Shwartz, Shai and Ben-David, Shai},
 title = {Understanding Machine Learning: From Theory to Algorithms},
 year = {2014},
 isbn = {1107057132, 9781107057135},
 publisher = {Cambridge University Press},
 address = {New York, NY, USA},
}

@article{Bartlett:2003:RGC:944919.944944,
 author = {Bartlett, Peter L. and Mendelson, Shahar},
 title = {Rademacher and Gaussian Complexities: Risk Bounds and Structural Results},
 journal = {J. Mach. Learn. Res.},
 issue_date = {3/1/2003},
 volume = {3},
 month = mar,
 year = {2003},
 issn = {1532-4435},
 pages = {463--482},
 numpages = {20},
 url = {http://dl.acm.org/citation.cfm?id=944919.944944},
 acmid = {944944},
 publisher = {JMLR.org},
 keywords = {Rademacher averages, data-dependent complexity, error bounds, maximum discrepancy},
} 

@book{Vapnik:1995:NSL:211359,
 author = {Vapnik, Vladimir N.},
 title = {The Nature of Statistical Learning Theory},
 year = {1995},
 isbn = {0-387-94559-8},
 publisher = {Springer-Verlag},
 address = {Berlin, Heidelberg},
} 
