@article{dean2017sample,
  title={On the sample complexity of the linear quadratic regulator},
  author={Dean, Sarah and Mania, Horia and Matni, Nikolai and Recht, Benjamin and Tu, Stephen},
  journal={arXiv preprint arXiv:1710.01688},
  year={2017}
}

@article{anderson2019system,
  title={System level synthesis},
  author={Anderson, James and Doyle, John C and Low, Steven H and Matni, Nikolai},
  journal={Annual Reviews in Control},
  year={2019},
  publisher={Elsevier}
}

@inproceedings{anderson2017structured,
  title={Structured state space realizations for SLS distributed controllers},
  author={Anderson, James and Matni, Nikolai},
  booktitle={2017 55th Annual Allerton Conference on Communication, Control, and Computing (Allerton)},
  pages={982--987},
  year={2017},
  organization={IEEE}
}

@book{dumitrescu2007positive,
  title={Positive trigonometric polynomials and signal processing applications},
  author={Dumitrescu, Bogdan},
  volume={103},
  year={2007},
  publisher={Springer}
}
