@article{Bousquet,
author = {Bousquet, Olivier and Elisseeff, Andr√©},
year = {2002},
month = {06},
pages = {499-526},
title = {Stability and Generalization},
volume = {2},
journal = {Journal of Machine Learning Research},
doi = {10.1162/153244302760200704}
}

@inproceedings{trainfaster,
  title={Train faster, generalize better: Stability of stochastic gradient descent},
  author={Moritz Hardt and Benjamin Recht and Yoram Singer},
  booktitle={ICML},
  year={2015}
}

@ARTICLE{betterrate,
       author = {{Feldman}, Vitaly and {Vondrak}, Jan},
        title = "{High probability generalization bounds for uniformly stable algorithms with nearly optimal rate}",
      journal = {arXiv e-prints},
     keywords = {Computer Science - Machine Learning, Computer Science - Data Structures and Algorithms, Statistics - Machine Learning},
         year = "2019",
        month = "Feb",
          eid = {arXiv:1902.10710},
        pages = {arXiv:1902.10710},
archivePrefix = {arXiv},
       eprint = {1902.10710},
 primaryClass = {cs.LG},
       adsurl = {https://ui.adsabs.harvard.edu/abs/2019arXiv190210710F},
      adsnote = {Provided by the SAO/NASA Astrophysics Data System}
}

@Inbook{Nesterov2018,
author="Nesterov, Yurii",
title="Smooth Convex Optimization",
bookTitle="Lectures on Convex Optimization",
year="2018",
publisher="Springer International Publishing",
address="Cham",
pages="59--137",
isbn="978-3-319-91578-4",
doi="10.1007/978-3-319-91578-4_2",
url="https://doi.org/10.1007/978-3-319-91578-4_2"
}



