@book{rasmussen:williams:2006,
  added-at = {2009-03-05T08:49:50.000+0100},
  author = {Rasmussen, C. E. and Williams, C. K. I.},
  biburl = {https://www.bibsonomy.org/bibtex/26771eaebbee7d852934f29aa33dea971/bcao},
  interhash = {72c030472023000e0bdeeb06081c3764},
  intrahash = {6771eaebbee7d852934f29aa33dea971},
  keywords = {},
  publisher = {MIT Press},
  timestamp = {2009-03-05T08:49:50.000+0100},
  title = {Gaussian Processes for Machine Learning},
  year = 2006
}

@MISC{Hastie90generalizedadditive,
    author = {Trevor Hastie and Robert Tibshirani},
    title = {Generalized Additive Models},
    year = {1990},
	howpublished = "\url{http://citeseerx.ist.psu.edu/viewdoc/summary?doi=10.1.1.46.8665}"
}

@article{schon2011manipulating,
  title={Manipulating the multivariate Gaussian density},
  author={Sch{\"o}n, Thomas B and Lindsten, Fredrik},
  journal={Div. Automat. Control, Link{\"o}ping Univ., Linkping, Sweden, Tech. Rep},
  year={2011}
}

@article{o1978curve,
  title={Curve fitting and optimal design for prediction},
  author={O'Hagan, Anthony},
  journal={Journal of the Royal Statistical Society: Series B (Methodological)},
  volume={40},
  number={1},
  pages={1--24},
  year={1978},
  publisher={Wiley Online Library}
}
